@BOOKLET{FlyingLab,
  author = { Francis, et al},
  title = {The Flying Laboratory for the Observation of ADS-B Signals},
  year = {2011},
  howpublished = {\url{https://www.hindawi.com/journals/ijno/2011/973656/}}
 }
 
@MISC{Oetiker2010,
  author = {Tobias Oetiker},
  title = {The Not So Short A Introduction to {LaTeX2e}},
  year = {2010},
  howpublished = {\url{http://tobi.oetiker.ch/lshort/lshort.pdf}}
 }
 
@BOOK{Mittelbach2005,
  author = {Frank Mittelbach},
  edition = {2. ed.},
  publisher = {Addison-Wesley},
  title = {The LATEX companion},
  year = 2005
}
